@inproceedings{ramalingam1996data,
  title={Data flow frequency analysis},
  author={Ramalingam, Ganesan},
  booktitle={ACM SIGPLAN Notices},
  volume={31},
  number={5},
  pages={267--277},
  year={1996},
  organization={ACM}
}


